
@misc{leroy2008,
  author = "Xavier Leroy and Damien Doligez and Jacques Garrigue and Didier Rémy and Jérôme Vouillon",
  year = 2008,
  title =  "The Objective Caml system release 3.11",
  HOWPUBLISHED = "\url{http://caml.inria.fr/pub/docs/manual-ocaml/index.html}",
}

@misc{stolpmann,
      AUTHOR = "Gerhard Stolpmann",
      YEAR = 2008,
      TITLE = "Findlib",
      HOWPUBLISHED = "\url{http://projects.camlcity.org/projects/findlib.html}"
}

@MISC{haackwells04,
    author = {Christian Haack and J. B. Wells},
    title = {Abstract Type Error Slicing in Implicitly Typed Higher-Order Languages},
    year = {2004}
}


@InProceedings{ helium-hw03,
  author      = {Bastiaan Heeren and Daan Leijen and Arjan van IJzendoorn},
  title       = {Helium, for Learning {H}askell},
  booktitle   = {ACM Sigplan 2003 Haskell Workshop},
  year        = 2003,
  publisher   = {ACM Press},
  address     = {New York},
  pages       = {62 -- 71}
}

@ARTICLE{Felleisen98thedrscheme,
    author = {Matthias Felleisen and Robert Bruce Findler and Matthew Flatt and Shriram Krishnamurthi},
    title = {The DrScheme Project: An Overview},
    journal = {SIGPLAN Notices},
    year = {1998},
    volume = {33},
    pages = {17--23}
}

@article{milner78,
  author = {Robin Milner},
  title = "A theory of type polymorphism in programming",
  year = 1978,
  journal = {Journal of Computer and System Sciences},
  volume = 17,
  pages = {348--375},
}


@article{greenwade93,
    author  = "George D. Greenwade",
    title   = "The {C}omprehensive {T}ex {A}rchive {N}etwork ({CTAN})",
    year    = "1993",
    journal = "TUGBoat",
    volume  = "14",
    number  = "3",
    pages   = "342--351"
}

